<?xml version="1.0" encoding="UTF-8"?><collection><record><leader>07695ntm a2200637 a 4500</leader><controlfield tag="001">006814923</controlfield><controlfield tag="003">MiAaHDL</controlfield><controlfield tag="005">20200111000000.0</controlfield><controlfield tag="006">m        d        </controlfield><controlfield tag="007">cr bn ---auaua</controlfield><controlfield tag="008">090610q17081731xx            00| ||ara d</controlfield><datafield tag="035" ind1=" " ind2=" "><subfield code="a">(MiU)006814923</subfield></datafield><datafield tag="035" ind1=" " ind2=" "><subfield code="a">sdr-miu006814923</subfield></datafield><datafield tag="040" ind1=" " ind2=" "><subfield code="a">MiU</subfield><subfield code="c">MiU</subfield><subfield code="e">amremm</subfield></datafield><datafield tag="041" ind1="0" ind2=" "><subfield code="a">ara</subfield><subfield code="a">ota</subfield></datafield><datafield tag="043" ind1=" " ind2=" "><subfield code="a">n-us-mi</subfield></datafield><datafield tag="100" ind1="1" ind2=" "><subfield code="6">880-01</subfield><subfield code="a">Osmanzade Taip, Ahmet,</subfield><subfield code="d">1660?-1724.</subfield></datafield><datafield tag="245" ind1="1" ind2="0"><subfield code="6">880-03</subfield><subfield code="a">Sıhhat-ı âbâd,</subfield><subfield code="f">[early 18th century].</subfield></datafield><datafield tag="246" ind1="3" ind2=" "><subfield code="a">Şerh-i hadis-i erbain</subfield></datafield><datafield tag="246" ind1="3" ind2=" "><subfield code="a">صحت آباد في شرح الاربعين</subfield></datafield><datafield tag="246" ind1="3" ind2=" "><subfield code="a">Ṣiḥḥat-i ābād</subfield></datafield><datafield tag="260" ind1=" " ind2=" "><subfield code="c">[1708 to 1731].</subfield></datafield><datafield tag="300" ind1=" " ind2=" "><subfield code="a">24 leaves :</subfield><subfield code="b">paper ;</subfield><subfield code="c">242 x 135 (170 x 73) mm. bound to 242 x 138 mm.</subfield></datafield><datafield tag="500" ind1=" " ind2=" "><subfield code="a">Shelfmark: Ann Arbor, University of Michigan, Special Collections Research Center, Isl. Ms. 443</subfield></datafield><datafield tag="500" ind1=" " ind2=" "><subfield code="a">Origin: As appears in colophon on fol.24a (p.47), composition finished in the first part of Rabīʻ al-Akhīr 1120 [June 1708]. Copied by al-Sayyid ʻAbd Allāh, that is the renowned Ottoman calligrapher, Seyyid Abdullah of Yedikule (Yedikuleli Seyyid Abdullah Efendi, d.1731), favorite pupil of the celebrated calligrapher Hafız Osman Efendi (d.1698). Signed by the mudhahhib / müzehhip (gilder) in the lower edge of the frame on fol.24a (p.47) in a miniscule hand "ذهبه عبدي شاكر؟ سليمان مذهب شهرياري", seemingly Şakir Süleyman müzehhip Şehriyari.</subfield></datafield><datafield tag="500" ind1=" " ind2=" "><subfield code="a">Former shelfmark: "345 T. De M. [i.e. Tammaro De Marinis]" inscribed in pencil on verso of front flyleaf ; "234" inscribed in pencil on 'title page’.</subfield></datafield><datafield tag="500" ind1=" " ind2=" "><subfield code="a">Binding: Pasteboards covered in dark green leather ; Type II binding (with flap) ; pastedowns, flyleaves (made endpapers) and interior of envelope flap in red surface-dyed paper ; upper and lower covers bear large central gold-stamped (recessed onlay) scalloped mandorla , pendants and corner pieces along with tooled and gold-painted rolled guilloché border with gold fillets ; vegetal design within the decorative elements has been accented with red paint and that of the mandorla evokes Déroche class. Nsd 7 ; design carries over to envelope flap ; chevron endbands in red and white have suffered some losses in good condition despite minor abrasion and edge wear though textblock has completely detached, some losses in spine lining and sewing.</subfield></datafield><datafield tag="500" ind1=" " ind2=" "><subfield code="a">Support: non-European (early 18th century Persianate?) laid paper with laid lines running horizontally spaced roughly 7-8 laid lines per cm. and some sagging, no chain lines, burnished to glossy, some undissolved fibers ; flyleaves of European laid paper.</subfield></datafield><datafield tag="500" ind1=" " ind2=" "><subfield code="a">Decoration: Superbly executed illuminated headpiece (ʻunwān) on fol.1b (p.2) consists of rectangular piece with cartouche carrying the title of the work in white surmounted by a w-shaped piece with a network of tīgh and flowers above, all filled with floral design in blue, gold, green, pink, orange, and red ; exquisite illuminated headpiece on fol.3a (p.5) consists of a w-shaped piece with cartouche carrying the section heading and floral decoration in blue, gold, white, pink, green, orange and red surmounted by tīgh in blue with red accents ; illuminated headpiece on fol.4b (p.8) consists of a rectangular piece with cartouche carrying the section heading for the first hadith surmounted by a semicircular piece with tīgh above in blue and red accents all filled with floral decoration in blue, gold, green, white, pink, orange, and red ; textual dividers in the form of gold rosettes and floral vegetal motifs appear hear and there throughout ; ruled in a frame consisting of gold bands and black fillets ; text rubricated with some sections headings, key words, etc. in red ; main section headings in white. Signed by the illuminator in the lower edge of the frame at close (fol.24a / p.47) "ذهبه عبدي شاكر؟ سليمان مذهب شهرياري"</subfield></datafield><datafield tag="500" ind1=" " ind2=" "><subfield code="a">Script: Naskh ; fine Turkish hand ; slight tilt to the left ; seriffed with right sloping head-serif on lām of definite article, ṭāʼ, etc. but free-standing alif sans serif ; colophon more ligatured ; main section in headings tawqīʻ.</subfield></datafield><datafield tag="500" ind1=" " ind2=" "><subfield code="a">Layout: Written in 21 lines per page ; frame-ruled.</subfield></datafield><datafield tag="500" ind1=" " ind2=" "><subfield code="a">Collation: ii, 2 V (20), II (24), i ; two quinions and a binion ; catchwords present ; pagination in pencil, Western numerals (supplied during cataloguing).</subfield></datafield><datafield tag="500" ind1=" " ind2=" "><subfield code="a">Colophon: "Authorial" and "Scribal," rectangular, reads "قد وقع الفراغ من تسويده بعون الله الملك المنان على يد مترجمه الفقير احمد بن عثمان المدرس باحدى المدارس الثمان في اوائل شهر ربيع الاخر لسنة عشرين ومائة والف كتبه الفقير الى رحمة ربه القدير الداعي بدوام الدولة العلية السيد عبد الله"</subfield></datafield><datafield tag="500" ind1=" " ind2=" "><subfield code="a">Dedication: Ahmet III (1673-1736), son of Mehmet IV at opening (fol.1b-2a) "السلطان احمد خان بن السلاطان محمد خان".</subfield></datafield><datafield tag="500" ind1=" " ind2=" "><subfield code="a">Explicit: "بو بنده كمينه ثنا معتاد لرى ميداذ سخنور يده تهمت خبط وخطا ايله تعيير اولنميه. بيت هركس مر هون بذل مقدور لنكانه دوئ خامه معذور. تاريخ ختام صحت اباد فيلسوف سخن اراى خرد فهم ايدوب ما حصل معنانى ديدى تاريخنى بو تاليفك صحت اباد شفاپيرانى"</subfield></datafield><datafield tag="500" ind1=" " ind2=" "><subfield code="a">Incipit: "الحمد لله رب العالمين والصلوة والسلام على سيدنا محمد وعلى اله واصحابه اجمعين باحسان الى يوم الدين بعد هذا باعث جمع حديث اربعين ..."</subfield></datafield><datafield tag="500" ind1=" " ind2=" "><subfield code="a">Title from headpiece on fol.1b.</subfield></datafield><datafield tag="500" ind1=" " ind2=" "><subfield code="a">Ms. codex.</subfield></datafield><datafield tag="510" ind1="4" ind2=" "><subfield code="a">T. Menzel, "Aḥmad Tāʼib, ʻOthmān-Zāde (18th century) : Ottoman Historian," In Encyclopaedic Historiography of the Muslim World, ed. N.K. Singh and A. Samiuddin,</subfield><subfield code="c">p.34-36</subfield></datafield><datafield tag="520" ind1="8" ind2=" "><subfield code="a">Elegant copy of the commentary of Aḥmad Tāʼib ibn ʻUthmān, known as Osmanzade, on forty hadith.</subfield></datafield><datafield tag="538" ind1=" " ind2=" "><subfield code="a">Mode of access: Internet.</subfield></datafield><datafield tag="541" ind1=" " ind2=" "><subfield code="c">Purchase ;</subfield><subfield code="a">Acquired by purchase (funds donated by Horace Rackham).</subfield><subfield code="d">1924.</subfield></datafield><datafield tag="546" ind1=" " ind2=" "><subfield code="a">Arabic and Ottoman Turkish.</subfield></datafield><datafield tag="561" ind1=" " ind2=" "><subfield code="a">Inscription on fol.1a dated 5 Dhū al-Ḥijjah 1213 [May 1799], reads "اللهم يا غفار الذنوب فاغفر ذنوب عبدك المصطفى بن الحاج محمد امين بن عبد الرحيم بن عبد الرحمن بن محمود ذلوى رحمهم الله رحمة واسعة بحرمت احاديث حبيبك يا غفار الذنوب في ٥ ذ سنة ١٢١٣" ; relatively clean copy.</subfield></datafield><datafield tag="650" ind1=" " ind2="0"><subfield code="a">Manuscripts, Turkish</subfield><subfield code="z">Michigan</subfield><subfield code="z">Ann Arbor.</subfield></datafield><datafield tag="650" ind1=" " ind2="0"><subfield code="a">Manuscripts, Arabic</subfield><subfield code="z">Michigan</subfield><subfield code="z">Ann Arbor.</subfield></datafield><datafield tag="650" ind1=" " ind2="0"><subfield code="a">Islam</subfield><subfield code="x">Customs and practices</subfield><subfield code="v">Early works to 1800.</subfield></datafield><datafield tag="650" ind1=" " ind2="0"><subfield code="a">Hadith</subfield><subfield code="v">Commentaries</subfield><subfield code="v">Early works to 1800.</subfield></datafield><datafield tag="650" ind1=" " ind2="0"><subfield code="a">Hadith</subfield><subfield code="x">Criticism, interpretation, etc.</subfield><subfield code="v">Early works to 1800.</subfield></datafield><datafield tag="655" ind1=" " ind2="7"><subfield code="a">Headpieces (layout features)</subfield><subfield code="y">18th century.</subfield><subfield code="2">aat</subfield></datafield><datafield tag="700" ind1="0" ind2=" "><subfield code="a">Abdülhamid</subfield><subfield code="b">II,</subfield><subfield code="c">Sultan of the Turks,</subfield><subfield code="d">1842-1918,</subfield><subfield code="e">former owner.</subfield></datafield><datafield tag="700" ind1="0" ind2=" "><subfield code="6">880-05</subfield><subfield code="a">Yedikuleli Seyit Abdullah,</subfield><subfield code="d">d.1731,</subfield><subfield code="e">calligrapher.</subfield></datafield><datafield tag="773" ind1="0" ind2=" "><subfield code="a">Abdul Hamid Collection.</subfield></datafield><datafield tag="880" ind1="0" ind2=" "><subfield code="6">700-05/</subfield><subfield code="a">يدى قله لى ،</subfield><subfield code="e">خطاط.</subfield></datafield><datafield tag="880" ind1="1" ind2="0"><subfield code="6">245-03/</subfield><subfield code="a">صحت آباد,</subfield><subfield code="f">[اوائل القرن 18م].</subfield></datafield><datafield tag="880" ind1="0" ind2=" "><subfield code="6">100-01/</subfield><subfield code="a">عثمان زاده احمد تائب بن عثمان.</subfield></datafield><datafield tag="CID" ind1=" " ind2=" "><subfield code="a">006814923</subfield></datafield><datafield tag="DAT" ind1="0" ind2=" "><subfield code="a">20200111040304.0</subfield><subfield code="b">20200111000000.0</subfield></datafield><datafield tag="DAT" ind1="1" ind2=" "><subfield code="a">20200111090514.0</subfield><subfield code="b">2020-01-11T17:08:52Z</subfield></datafield><datafield tag="DAT" ind1="2" ind2=" "><subfield code="a">2015-10-02T18:00:03Z</subfield></datafield><datafield tag="CAT" ind1=" " ind2=" "><subfield code="a">SDR-MIU</subfield><subfield code="d">EX LIBRIS - ALEPH</subfield><subfield code="l">prepare.pl-004-008</subfield></datafield><datafield tag="FMT" ind1=" " ind2=" "><subfield code="a">BK</subfield></datafield><datafield tag="HOL" ind1=" " ind2=" "><subfield code="0">sdr-miu006814923</subfield><subfield code="a">MiU</subfield><subfield code="b">SDR</subfield><subfield code="c">MIU</subfield><subfield code="p">mdp.39015079129196</subfield><subfield code="s">MIU</subfield><subfield code="1">006814923</subfield></datafield><datafield tag="974" ind1=" " ind2=" "><subfield code="b">MIU</subfield><subfield code="c">MIU</subfield><subfield code="d">20200111</subfield><subfield code="s">lit-dlps-dc</subfield><subfield code="u">mdp.39015079129196</subfield><subfield code="y">1731</subfield><subfield code="r">pd</subfield><subfield code="q">bib</subfield><subfield code="t">non-US bib date2 &lt; 1896</subfield></datafield></record></collection>